<record><leader>00000cas a22000007a 4500</leader><controlfield tag="001">14769313</controlfield><controlfield tag="008">861119d19231926wiuwr ne      0    0eng d</controlfield><datafield ind1=" " ind2=" " tag="010"><subfield code="a">sn 86086794 </subfield></datafield><datafield ind1=" " ind2=" " tag="040"><subfield code="a">NPV</subfield><subfield code="b">eng</subfield><subfield code="c">NPV</subfield><subfield code="d">OCLCQ</subfield></datafield><datafield ind1=" " ind2=" " tag="042"><subfield code="a">msc</subfield></datafield><datafield ind1="0" ind2="4" tag="245"><subfield code="a">The Milltown newsman.</subfield></datafield><datafield ind1=" " ind2=" " tag="260"><subfield code="a">Milltown, Wis. :</subfield><subfield code="b">G. Cook,</subfield><subfield code="c">1923-1926.</subfield></datafield><datafield ind1=" " ind2=" " tag="300"><subfield code="a">v.</subfield></datafield><datafield ind1=" " ind2=" " tag="310"><subfield code="a">Weekly</subfield></datafield><datafield ind1="0" ind2=" " tag="362"><subfield code="a">Vol. 12, no. 39 (Jan. 11, 1923)-v. 16, no. 1 (Apr. 29, 1926).</subfield></datafield><datafield ind1=" " ind2=" " tag="752"><subfield code="a">United States</subfield><subfield code="b">Wisconsin</subfield><subfield code="c">Polk</subfield><subfield code="d">Milltown.</subfield></datafield><datafield ind1="0" ind2="0" tag="780"><subfield code="t">Milltown herald (Milltown, Wis. : 1910)</subfield><subfield code="w">(DLC)sn 86086792</subfield></datafield><datafield ind1="0" ind2="0" tag="785"><subfield code="t">Milltown herald (Milltown, Wis. : 1926)</subfield><subfield code="w">(DLC)sn 86086795</subfield></datafield></record>